@thesis{hassan_2018, 
    title={SMART MAILBOX}, 
    author={ Hassan, Zohaib},
    type={Bachelor's Thesis},
    howpublished = "\url{http://www.theseus.fi/bitstream/10024/159920/1/Smart%20Mailbox.pdf}",
    year={2018}
} 

@article{Subramaniam2007,
title={Real time mailbox alert system via SMS or email},
author={Siva Kumar Subramaniam and Siti Huzaimah Husin and Y. binti Yusop and A. H. Hamidon},
journal={2007 Asia-Pacific Conference on Applied Electromagnetics},
year={2007},
pages={1-4}
}

@thesis{Muhamaad_2019, 
    title={INTELLIGENT MAILBOX}, 
    author={ERNIE ROSNIZAR BINTI HUSSAIN and ALYA AFIFA BINTI FAISAL and MUHAMMAD ASYREEN BIN HALIM},
    type={Bachelor's Thesis},
    howpublished = "\url{http://repository.psa.edu.my/bitstream/123456789/1953/1/I-Box%20%28Intelligent%20Mailbox%29.pdf}",
    year={2019}
} 

@article{devi2019,
    doi = {10.35940/ijitee.k1320.10812s19},
    url = {https://doi.org/10.35940/ijitee.k1320.10812s19},
    year = {2019},
    month = dec,
    publisher = {Blue Eyes Intelligence Engineering and Sciences Engineering and Sciences Publication - {BEIESP}},
    volume = {8},
    number = {12S},
    pages = {1178--1181},
    title = {Door Bell Notification System for Deaf People using Arduino},
    journal = {International Journal of Innovative Technology and Exploring Engineering}
}

@inproceedings{setiawan2021,
    title={Real-time Home Bell Notification Using Node-MCU Through E-mail (Base on the Internet of Things)},
    author={Setiawan, A and Suprapto, Y and Fachrurrozi, MI and Manab, KRN and Sasmita, NR and Diyasa, GSM},
    booktitle={Journal of Physics: Conference Series},
    volume={1845},
    number={1},
    pages={012007},
    year={2021},
    organization={IOP Publishing}
}

@inproceedings{Sebastian2016,
    title={Intelligent Mailbox System with Automatic Delivery Notification},
    author={Bindu Sebastian},
    year={2016}
}

@inproceedings{Bansode2016,
    title={Smart Letter Box System Using Obstacle Sensor For Notifies The User By Android Application},
    author={Priyanka Ashok Bansode and Pragati Jaykumar Girme and Harshal Mohite and Anirudha Santoshrao Pande},
    year={2016}
}

@article{Goud2020,
  doi = {10.35940/ijitee.d1506.039520},
  url = {https://doi.org/10.35940/ijitee.d1506.039520},
  year = {2020},
  month = mar,
  publisher = {Blue Eyes Intelligence Engineering and Sciences Engineering and Sciences Publication - {BEIESP}},
  volume = {9},
  number = {5},
  pages = {337--342},
  author = {B. Pruthvi Raj Goud and   and S. Sravan Reddy and K. Praveen Kumar and   and},
  title = {Smart Attendance Notification System using {SMTP} with Face Recognition},
  journal = {International Journal of Innovative Technology and Exploring Engineering}
}

@INPROCEEDINGS{Tzerefos1997,
    author={Tzerefos, P. and Smythe, C. and Stergiou, I. and Cvetkovic, S.},
    booktitle={Proceedings of 22nd Annual Conference on Local Computer Networks},
    title={A comparative study of Simple Mail Transfer Protocol (SMTP), Post Office Protocol (POP) and X.400 Electronic Mail Protocols},   
    year={1997},  
    pages={545-554},  
    doi={10.1109/LCN.1997.631025}
}

@INPROCEEDINGS{kara2019,
    author={Karamollahi, Mehdi and Williamson, Carey},
    booktitle={2019 IEEE 27th International Symposium on Modeling, Analysis, and Simulation of Computer and Telecommunication Systems (MASCOTS)},   title={Characterization of IMAPS Email Traffic}, 
    year={2019},
    pages={214-220},
    doi={10.1109/MASCOTS.2019.00030}
}

@MISC{Bettina2022,
    HOWPUBLISHED = "\url{https://postmarkapp.com/guides/everything-you-need-to-know-about-smtp}",
    AUTHOR = "Bettina Specht",
    TITLE = "Everything you need to know about SMTP",
    MONTH = "March",
    YEAR = "2022",
}

@INPROCEEDINGS{Shakthidhar2019,
    author={Shakthidhar, S. and Srikrishnan, P. and Santhosh, S. and Sandhya, M.K.}, 
    booktitle={2019 Fifth International Conference on Science Technology Engineering and Mathematics (ICONSTEM)},
    title={Arduino and NodeMcu based Ingenious Household Objects Monitoring and Control Environment}, 
    year={2019},
    volume={1}, 
    pages={119-124},  
    doi={10.1109/ICONSTEM.2019.8918730}
}

@MISC{NodeMCUIMG,
    HOWPUBLISHED = "\url{https://electropeak.com/learn/nodemcu-esp8266-on-arduino-ide/}",
    AUTHOR = "Saeed Hosseini",
    TITLE = "Getting Started w/ NodeMCU ESP8266 on Arduino IDE"
}

@INPROCEEDINGS{Dimitrov2016, 
    author={Dimitrov, Atanas and Minchev, Dimitar}, 
    booktitle={2016 19th International Symposium on Electrical Apparatus and Technologies (SIELA)}, 
    title={Ultrasonic sensor explorer},
    year={2016},
    pages={1-5},  
    doi={10.1109/SIELA.2016.7542987}
}

@MISC{ultrasonicIMG,
    HOWPUBLISHED = "\url{https://www.javatpoint.com/iot-project-using-ultrasonic-sensor-arduino-distance-calculation}",
    AUTHOR = "Javatpoint",
    TITLE = "IoT Project using Ultrasonic Sensor HC-SR04 and Arduino to distance calculation using Processing App"
}

@Inbook{Moroney2017,
    author="Moroney, Laurence",
    title="The Firebase Realtime Database",
    bookTitle="The Definitive Guide to Firebase: Build Android Apps on Google's Mobile Platform",
    year="2017",
    publisher="Apress",
    address="Berkeley, CA",
    pages="51--71",
    abstract="The Firebase Realtime Database is a NoSQL cloud-based database that syncs data across all clients in realtime, and provides offline functionality. Data is stored in the Realtime database as JSON, and all connected clients share one instance, automatically receiving updates with the newest data.",
    isbn="978-1-4842-2943-9",
    doi="10.1007/978-1-4842-2943-9_3",
    url="https://doi.org/10.1007/978-1-4842-2943-9_3"
}
